@article{Spanhol2016,
  author    = {F. A. Spanhol and L. S. Oliveira and C. Petitjean and L. Heutte},
  title     = {A Dataset for Breast Cancer Histopathological Image Classification},
  journal   = {IEEE Transactions on Biomedical Engineering},
  volume    = {63},
  number    = {7},
  pages     = {1455--1462},
  year      = {2016},
  month     = {July},
  doi       = {10.1109/TBME.2015.2496264}
}

@misc{BreakHis2016,
  author    = {P\&D Laboratory},
  title     = {BreakHis: Breast Cancer Histopathological Databaset},
  year      = {2016},
  url       = {https://web.inf.ufpr.br/vri/databases/breast-cancer-histopathological-database-breakhis/}
}

@article{dosovitskiy2020image,
  title={An Image is Worth 16x16 Words: Transformers for Image Recognition at Scale},
  author={Dosovitskiy, Alexey and Beyer, Lucas and Kolesnikov, Alexander and Weissenborn, Dirk and Zhai, Xiaohua and Unterthiner, Thomas and Dehghani, Mostafa and Minderer, Matthias and Heigold, Georg and Gelly, Sylvain and Uszkoreit, Jakob and Houlsby, Neil},
  journal={arXiv preprint arXiv:2010.11929},
  year={2020}
}

@article{imagenet_cvpr09,
  author    = {Deng, Jia and Dong, Wei and Socher, Richard and Li, Li-Jia and Li, Kai and Fei-Fei, Li},
  title     = {ImageNet: A Large-Scale Hierarchical Image Database},
  booktitle = {Proceedings of the IEEE Conference on Computer Vision and Pattern Recognition (CVPR)},
  year      = {2009},
  pages     = {248--255}
}

@online{HugginFace,
  url       = {https://huggingface.co/}
}

@inproceedings{hu2022lora,
  title={LoRA: Low-Rank Adaptation of Large Language Models},
  author={Edward J. Hu and Yelong Shen and Phillip Wallis and Zeyuan Allen-Zhu and Yuanzhi Li and Shean Wang and Lu Wang and Weizhu Chen},
  booktitle={International Conference on Learning Representations},
  year={2022},
  url={https://arxiv.org/abs/2106.09685}
}